@misc{udacity2015curse,
  author = {Udacity},
  title = {Curse of Dimensionality - Georgia Tech - Machine Learning},
  year = {2015},
  month = {February 23},
  howpublished = {Retrieved 2022-06-29}
}